@inproceedings{damianou2013deep,
  title={Deep gaussian processes},
  author={Damianou, Andreas and Lawrence, Neil D},
  booktitle={Artificial intelligence and statistics},
  pages={207--215},
  year={2013},
  organization={PMLR}
}

@article{dunlop2018deep,
  title={How deep are deep Gaussian processes?},
  author={Dunlop, Matthew M and Girolami, Mark A and Stuart, Andrew M and Teckentrup, Aretha L},
  journal={Journal of Machine Learning Research},
  volume={19},
  number={54},
  pages={1--46},
  year={2018},
  publisher={Journal of Machine Learning Research}
}